% Thomas textbook
@book{Thomas:2001kw,
      author         = "Thomas, Anthony William and Weise, Wolfram",
      title          = "{The Structure of the Nucleon}",
      url            = "http://www.wiley-vch.de/publish/en/books/bySubjectPH00/ISBN3-527-40297-7/",
      journal        = "Berlin, Germany: Wiley-VCH (2001) 389 p",
      year           = "2001",
      SLACcitation   = "%%CITATION = INSPIRE-559956;%%"
}
% Bass textbook
@book{Bass:2007zzb,
      author         = "Bass, Steven D.",
      title          = "{The Spin structure of the proton}",
      url            = "http://www.worldscibooks.com/physics/6558.html",
      journal        = "World Scientific, 2007. (ISBN 978-981-270-946-2 and ISBN
                        978-981-270-947-9). 212 p.",
      year           = "2007",
      SLACcitation   = "%%CITATION = INSPIRE-767520;%%"
}
% Aidala review
@article{Aidala:2012mv,
      author         = "Aidala, Christine A. and Bass, Steven D. and Hasch, Delia
                        and Mallot, Gerhard K.",
      title          = "{The Spin Structure of the Nucleon}",
      journal        = "Rev. Mod. Phys.",
      volume         = "85",
      year           = "2013",
      pages          = "655-691",
      doi            = "10.1103/RevModPhys.85.655",
      eprint         = "1209.2803",
      archivePrefix  = "arXiv",
      primaryClass   = "hep-ph",
      SLACcitation   = "%%CITATION = ARXIV:1209.2803;%%"
}
% Feynman parton model
@article{Feynman:1969wa,
      author         = "Feynman, R. P.",
      title          = "{The behavior of hadron collisions at extreme energies}",
      booktitle      = "{3rd International Conference on High Energy Collisions
                        Stony Brook, N.Y., September 5-6, 1969}",
      journal        = "Conf. Proc.",
      volume         = "C690905",
      year           = "1969",
      pages          = "237-258",
      SLACcitation   = "%%CITATION = CONFP,C690905,237;%%"
}
% Ellis-Jaffe sum rule
@article{Ellis:1973kp,
      author         = "Ellis, John R. and Jaffe, Robert L.",
      title          = "{A Sum Rule for Deep Inelastic Electroproduction from
                        Polarized Protons}",
      journal        = "Phys. Rev.",
      volume         = "D9",
      year           = "1974",
      pages          = "1444",
      doi            = "10.1103/physrevd.10.1669.4, 10.1103/PhysRevD.9.1444",
      note           = "[Erratum: Phys. Rev.D10,1669(1974)]",
      reportNumber   = "SLAC-PUB-1288",
      SLACcitation   = "%%CITATION = PHRVA,D9,1444;%%"
}
% Dubbers neutron beta-decay
@article{Dubbers:1991bh,
      author         = "Dubbers, D.",
      title          = "{Particle physics with cold neutrons}",
      journal        = "Prog. Part. Nucl. Phys.",
      volume         = "26",
      year           = "1991",
      pages          = "173-252",
      doi            = "10.1016/0146-6410(91)90011-C",
      note           = "[,173(1991)]",
      SLACcitation   = "%%CITATION = PPNPD,26,173;%%"
}
% EMC results
@article{Ashman:1987hv,
      author         = "Ashman, J. and others",
      title          = "{A Measurement of the Spin Asymmetry and Determination of
                        the Structure Function g(1) in Deep Inelastic Muon-Proton
                        Scattering}",
      booktitle      = "{Internal spin structure of the nucleon. Proceedings,
                        Symposium, SMC Meeting, New Haven, USA, January 5-6,
                        1994}",
      collaboration  = "European Muon",
      journal        = "Phys. Lett.",
      volume         = "B206",
      year           = "1988",
      pages          = "364",
      doi            = "10.1016/0370-2693(88)91523-7",
      note           = "[,340(1987)]",
      reportNumber   = "CERN-EP-87-230",
      SLACcitation   = "%%CITATION = PHLTA,B206,364;%%"
}
@article{Ashman:1989ig,
      author         = "Ashman, J. and others",
      title          = "{An Investigation of the Spin Structure of the Proton in
                        Deep Inelastic Scattering of Polarized Muons on Polarized
                        Protons}",
      booktitle      = "{Internal spin structure of the nucleon. Proceedings,
                        Symposium, SMC Meeting, New Haven, USA, January 5-6,
                        1994}",
      collaboration  = "European Muon",
      journal        = "Nucl. Phys.",
      volume         = "B328",
      year           = "1989",
      pages          = "1",
      doi            = "10.1016/0550-3213(89)90089-8",
      note           = "[,351(1989)]",
      reportNumber   = "CERN-EP-89-73",
      SLACcitation   = "%%CITATION = NUPHA,B328,1;%%"
}
% SLAC recults
@article{Baum:1983ha,
      author         = "Baum, Guenter and others",
      title          = "{A New Measurement of Deep Inelastic e p Asymmetries}",
      booktitle      = "{Internal spin structure of the nucleon. Proceedings,
                        Symposium, SMC Meeting, New Haven, USA, January 5-6,
                        1994}",
      journal        = "Phys. Rev. Lett.",
      volume         = "51",
      year           = "1983",
      pages          = "1135",
      doi            = "10.1103/PhysRevLett.51.1135",
      note           = "[,302(1983)]",
      reportNumber   = "SLAC-PUB-3079",
      SLACcitation   = "%%CITATION = PRLTA,51,1135;%%"
}
@article{Anthony:1996mw,
      author         = "Anthony, P. L. and others",
      title          = "{Deep inelastic scattering of polarized electrons by
                        polarized He-3 and the study of the neutron spin
                        structure}",
      collaboration  = "E142",
      journal        = "Phys. Rev.",
      volume         = "D54",
      year           = "1996",
      pages          = "6620-6650",
      doi            = "10.1103/PhysRevD.54.6620",
      eprint         = "hep-ex/9610007",
      archivePrefix  = "arXiv",
      primaryClass   = "hep-ex",
      reportNumber   = "SLAC-PUB-7103, DAPNIA-SPHN-96-40",
      SLACcitation   = "%%CITATION = HEP-EX/9610007;%%"
}
@article{Abe:1998wq,
      author         = "Abe, K. and others",
      title          = "{Measurements of the proton and deuteron spin structure
                        functions g(1) and g(2)}",
      collaboration  = "E143",
      journal        = "Phys. Rev.",
      volume         = "D58",
      year           = "1998",
      pages          = "112003",
      doi            = "10.1103/PhysRevD.58.112003",
      eprint         = "hep-ph/9802357",
      archivePrefix  = "arXiv",
      primaryClass   = "hep-ph",
      reportNumber   = "SLAC-PUB-7753",
      SLACcitation   = "%%CITATION = HEP-PH/9802357;%%"
}
% CERN SMC results
@article{Adeva:1993km,
      author         = "Adeva, B. and others",
      title          = "{Measurement of the spin dependent structure function
                        g1(x) of the deuteron}",
      booktitle      = "{Internal spin structure of the nucleon. Proceedings,
                        Symposium, SMC Meeting, New Haven, USA, January 5-6,
                        1994}",
      collaboration  = "Spin Muon",
      journal        = "Phys. Lett.",
      volume         = "B302",
      year           = "1993",
      pages          = "533-539",
      doi            = "10.1016/0370-2693(93)90438-N",
      note           = "[,386(1993)]",
      reportNumber   = "CERN-PPE-93-47",
      SLACcitation   = "%%CITATION = PHLTA,B302,533;%%"
}
@article{Adeva:1998vv,
      author         = "Adeva, B. and others",
      title          = "{Spin asymmetries A(1) and structure functions g1 of the
                        proton and the deuteron from polarized high-energy muon
                        scattering}",
      collaboration  = "Spin Muon",
      journal        = "Phys. Rev.",
      volume         = "D58",
      year           = "1998",
      pages          = "112001",
      doi            = "10.1103/PhysRevD.58.112001",
      reportNumber   = "CERN-EP-98-085, CERN-EP-98-85",
      SLACcitation   = "%%CITATION = PHRVA,D58,112001;%%"
}

% HERMES results
@article{Ackerstaff:1997ws,
      author         = "Ackerstaff, K. and others",
      title          = "{Measurement of the neutron spin structure function g1(n)
                        with a polarized He-3 internal target}",
      booktitle      = "{The spin structure of the nucleon. Proceedings,
                        International School of Nucleon Structure, 1st Course,
                        Erice, Italy, August 3-10, 1995}",
      collaboration  = "HERMES",
      journal        = "Phys. Lett.",
      volume         = "B404",
      year           = "1997",
      pages          = "383-389",
      doi            = "10.1016/S0370-2693(97)00611-4",
      note           = "[,671(1997)]",
      eprint         = "hep-ex/9703005",
      archivePrefix  = "arXiv",
      primaryClass   = "hep-ex",
      reportNumber   = "OAP-741, DESY-97-085",
      SLACcitation   = "%%CITATION = HEP-EX/9703005;%%"
}
@article{Ackerstaff:1999ey,
      author         = "Ackerstaff, K. and others",
      title          = "{Flavor decomposition of the polarized quark
                        distributions in the nucleon from inclusive and
                        semiinclusive deep inelastic scattering}",
      collaboration  = "HERMES",
      journal        = "Phys. Lett.",
      volume         = "B464",
      year           = "1999",
      pages          = "123-134",
      doi            = "10.1016/S0370-2693(99)00964-8",
      eprint         = "hep-ex/9906035",
      archivePrefix  = "arXiv",
      primaryClass   = "hep-ex",
      reportNumber   = "DESY-99-048",
      SLACcitation   = "%%CITATION = HEP-EX/9906035;%%"
}
@article{Airapetian:2006vy,
      author         = "Airapetian, A. and others",
      title          = "{Precise determination of the spin structure function
                        g(1) of the proton, deuteron and neutron}",
      collaboration  = "HERMES",
      journal        = "Phys. Rev.",
      volume         = "D75",
      year           = "2007",
      pages          = "012007",
      doi            = "10.1103/PhysRevD.75.012007",
      eprint         = "hep-ex/0609039",
      archivePrefix  = "arXiv",
      primaryClass   = "hep-ex",
      reportNumber   = "DESY-06-142",
      SLACcitation   = "%%CITATION = HEP-EX/0609039;%%"
}
@article{Airapetian:2003ct,
      author         = "Airapetian, A. and others",
      title          = "{Flavor decomposition of the sea quark helicity
                        distributions in the nucleon from semiinclusive deep
                        inelastic scattering}",
      collaboration  = "HERMES",
      journal        = "Phys. Rev. Lett.",
      volume         = "92",
      year           = "2004",
      pages          = "012005",
      doi            = "10.1103/PhysRevLett.92.012005",
      eprint         = "hep-ex/0307064",
      archivePrefix  = "arXiv",
      primaryClass   = "hep-ex",
      reportNumber   = "DESY-03-067",
      SLACcitation   = "%%CITATION = HEP-EX/0307064;%%"
}
@article{Airapetian:2004zf,
      author         = "Airapetian, A. and others",
      title          = "{Quark helicity distributions in the nucleon for up,
                        down, and strange quarks from semi-inclusive
                        deep-inelastic scattering}",
      collaboration  = "HERMES",
      journal        = "Phys. Rev.",
      volume         = "D71",
      year           = "2005",
      pages          = "012003",
      doi            = "10.1103/PhysRevD.71.012003",
      eprint         = "hep-ex/0407032",
      archivePrefix  = "arXiv",
      primaryClass   = "hep-ex",
      reportNumber   = "DESY-04-107",
      SLACcitation   = "%%CITATION = HEP-EX/0407032;%%"
}
@article{Airapetian:2008qf,
      author         = "Airapetian, A. and others",
      title          = "{Measurement of Parton Distributions of Strange Quarks in
                        the Nucleon from Charged-Kaon Production in Deep-Inelastic
                        Scattering on the Deuteron}",
      collaboration  = "HERMES",
      journal        = "Phys. Lett.",
      volume         = "B666",
      year           = "2008",
      pages          = "446-450",
      doi            = "10.1016/j.physletb.2008.07.090",
      eprint         = "0803.2993",
      archivePrefix  = "arXiv",
      primaryClass   = "hep-ex",
      reportNumber   = "DESY-07-223",
      SLACcitation   = "%%CITATION = ARXIV:0803.2993;%%"
}

% COMPASS 2007 results
@article{Alexakhin:2006oza,
      author         = "Alexakhin, V. {\relax Yu}. and others",
      title          = "{The Deuteron Spin-dependent Structure Function g1(d) and
                        its First Moment}",
      collaboration  = "COMPASS",
      journal        = "Phys. Lett.",
      volume         = "B647",
      year           = "2007",
      pages          = "8-17",
      doi            = "10.1016/j.physletb.2006.12.076",
      eprint         = "hep-ex/0609038",
      archivePrefix  = "arXiv",
      primaryClass   = "hep-ex",
      reportNumber   = "DAPNIA-06-234, CERN-PH-EP-2006-029",
      SLACcitation   = "%%CITATION = HEP-EX/0609038;%%"
}
@article{Alekseev:2009ac,
      author         = "Alekseev, M. and others",
      title          = "{Flavour Separation of Helicity Distributions from Deep
                        Inelastic Muon-Deuteron Scattering}",
      collaboration  = "COMPASS",
      journal        = "Phys. Lett.",
      volume         = "B680",
      year           = "2009",
      pages          = "217-224",
      doi            = "10.1016/j.physletb.2009.08.065",
      eprint         = "0905.2828",
      archivePrefix  = "arXiv",
      primaryClass   = "hep-ex",
      reportNumber   = "CERN-PH-EP-2009-008",
      SLACcitation   = "%%CITATION = ARXIV:0905.2828;%%"
}
@article{Alekseev:2010ub,
      author         = "Alekseev, M. G. and others",
      title          = "{Quark helicity distributions from longitudinal spin
                        asymmetries in muon-proton and muon-deuteron scattering}",
      collaboration  = "COMPASS",
      journal        = "Phys. Lett.",
      volume         = "B693",
      year           = "2010",
      pages          = "227-235",
      doi            = "10.1016/j.physletb.2010.08.034",
      eprint         = "1007.4061",
      archivePrefix  = "arXiv",
      primaryClass   = "hep-ex",
      reportNumber   = "CERN-PH-EP-2010-023",
      SLACcitation   = "%%CITATION = ARXIV:1007.4061;%%"
}
% Global analyses
@article{deFlorian:2008mr,
      author         = "de Florian, Daniel and Sassot, Rodolfo and Stratmann,
                        Marco and Vogelsang, Werner",
      title          = "{Global Analysis of Helicity Parton Densities and Their
                        Uncertainties}",
      journal        = "Phys. Rev. Lett.",
      volume         = "101",
      year           = "2008",
      pages          = "072001",
      doi            = "10.1103/PhysRevLett.101.072001",
      eprint         = "0804.0422",
      archivePrefix  = "arXiv",
      primaryClass   = "hep-ph",
      reportNumber   = "BNL-NT-08-8",
      SLACcitation   = "%%CITATION = ARXIV:0804.0422;%%"
}
@article{deFlorian:2009vb,
      author         = "de Florian, Daniel and Sassot, Rodolfo and Stratmann,
                        Marco and Vogelsang, Werner",
      title          = "{Extraction of Spin-Dependent Parton Densities and Their
                        Uncertainties}",
      journal        = "Phys. Rev.",
      volume         = "D80",
      year           = "2009",
      pages          = "034030",
      doi            = "10.1103/PhysRevD.80.034030",
      eprint         = "0904.3821",
      archivePrefix  = "arXiv",
      primaryClass   = "hep-ph",
      SLACcitation   = "%%CITATION = ARXIV:0904.3821;%%"
}
@article{Blumlein:2010rn,
      author         = "Blumlein, Johannes and Bottcher, Helmut",
      title          = "{QCD Analysis of Polarized Deep Inelastic Scattering
                        Data}",
      journal        = "Nucl. Phys.",
      volume         = "B841",
      year           = "2010",
      pages          = "205-230",
      doi            = "10.1016/j.nuclphysb.2010.08.005",
      eprint         = "1005.3113",
      archivePrefix  = "arXiv",
      primaryClass   = "hep-ph",
      reportNumber   = "DESY-09-131, SFB-CPP-10-032",
      SLACcitation   = "%%CITATION = ARXIV:1005.3113;%%"
}
@article{Nocera:2014gqa,
      author         = "Nocera, Emanuele R. and Ball, Richard D. and Forte,
                        Stefano and Ridolfi, Giovanni and Rojo, Juan",
      title          = "{A first unbiased global determination of polarized PDFs
                        and their uncertainties}",
      collaboration  = "NNPDF",
      journal        = "Nucl. Phys.",
      volume         = "B887",
      year           = "2014",
      pages          = "276-308",
      doi            = "10.1016/j.nuclphysb.2014.08.008",
      eprint         = "1406.5539",
      archivePrefix  = "arXiv",
      primaryClass   = "hep-ph",
      reportNumber   = "CERN-PH-TH-2014-106, IFUN-1028-FT, EDINBURGH-14-11,
                        OUTP-14-06P",
      SLACcitation   = "%%CITATION = ARXIV:1406.5539;%%"
}
@article{Leader:2014uua,
      author         = "Leader, Elliot and Sidorov, Alexander V. and Stamenov,
                        Dimiter B.",
      title          = "{New analysis concerning the strange quark polarization
                        puzzle}",
      journal        = "Phys. Rev.",
      volume         = "D91",
      year           = "2015",
      number         = "5",
      pages          = "054017",
      doi            = "10.1103/PhysRevD.91.054017",
      eprint         = "1410.1657",
      archivePrefix  = "arXiv",
      primaryClass   = "hep-ph",
      SLACcitation   = "%%CITATION = ARXIV:1410.1657;%%"
}
% Lattice QCD
@article{Savage:1996zd,
      author         = "Savage, Martin J. and Walden, James",
      title          = "{SU(3) breaking in neutral current axial matrix elements
                        and the spin content of the nucleon}",
      journal        = "Phys. Rev.",
      volume         = "D55",
      year           = "1997",
      pages          = "5376-5384",
      doi            = "10.1103/PhysRevD.55.5376",
      eprint         = "hep-ph/9611210",
      archivePrefix  = "arXiv",
      primaryClass   = "hep-ph",
      reportNumber   = "DOE-ER-40427-32-N96",
      SLACcitation   = "%%CITATION = HEP-PH/9611210;%%"
}
@article{Dong:1995rx,
      author         = "Dong, S. J. and Lagae, J. -F. and Liu, K. F.",
      title          = "{Flavor singlet g(A) from lattice QCD}",
      journal        = "Phys. Rev. Lett.",
      volume         = "75",
      year           = "1995",
      pages          = "2096-2099",
      doi            = "10.1103/PhysRevLett.75.2096",
      eprint         = "hep-ph/9502334",
      archivePrefix  = "arXiv",
      primaryClass   = "hep-ph",
      reportNumber   = "UK-95-01, ANL-HEP-PR-96-91",
      SLACcitation   = "%%CITATION = HEP-PH/9502334;%%"
}
@article{QCDSF:2011aa,
      author         = "Bali, Gunnar S. and others",
      title          = "{Strangeness Contribution to the Proton Spin from Lattice
                        QCD}",
      collaboration  = "QCDSF",
      journal        = "Phys. Rev. Lett.",
      volume         = "108",
      year           = "2012",
      pages          = "222001",
      doi            = "10.1103/PhysRevLett.108.222001",
      eprint         = "1112.3354",
      archivePrefix  = "arXiv",
      primaryClass   = "hep-lat",
      reportNumber   = "DESY-11-246, ADELAIDE-ADP-11-43-T765, EDINBURGH-2011-39,
                        LIVERPOOL-LTH-934",
      SLACcitation   = "%%CITATION = ARXIV:1112.3354;%%"
}
@article{Engelhardt:2012gd,
      author         = "Engelhardt, M.",
      title          = "{Strange quark contributions to nucleon mass and spin
                        from lattice QCD}",
      journal        = "Phys. Rev.",
      volume         = "D86",
      year           = "2012",
      pages          = "114510",
      doi            = "10.1103/PhysRevD.86.114510",
      eprint         = "1210.0025",
      archivePrefix  = "arXiv",
      primaryClass   = "hep-lat",
      SLACcitation   = "%%CITATION = ARXIV:1210.0025;%%"
}
@article{Abdel-Rehim:2015lha,
      author         = "Abdel-Rehim, Abdou and Alexandrou, Constantia and
                        Constantinou, Martha and Hadjiyiannakou, Kyriakos and
                        Jansen, Karl and Kallidonis, Christos and Koutsou, Giannis
                        and Avilés-Casco, Alejandro Vaquero",
      title          = "{Disconnected quark loop contributions to nucleon
                        observables using $N_f=2$ twisted clover fermions at the
                        physical value of the light quark mass}",
      booktitle      = "{Proceedings, 33rd International Symposium on Lattice
                        Field Theory (Lattice 2015): Kobe, Japan, July 14-18,
                        2015}",
      journal        = "PoS",
      volume         = "LATTICE2015",
      year           = "2016",
      pages          = "136",
      doi            = "10.22323/1.251.0136",
      eprint         = "1511.00433",
      archivePrefix  = "arXiv",
      primaryClass   = "hep-lat",
      reportNumber   = "DESY-15-201",
      SLACcitation   = "%%CITATION = ARXIV:1511.00433;%%"
}
@article{Chambers:2015bka,
      author         = "Chambers, A. J. and others",
      title          = "{Disconnected contributions to the spin of the nucleon}",
      journal        = "Phys. Rev.",
      volume         = "D92",
      year           = "2015",
      number         = "11",
      pages          = "114517",
      doi            = "10.1103/PhysRevD.92.114517",
      eprint         = "1508.06856",
      archivePrefix  = "arXiv",
      primaryClass   = "hep-lat",
      reportNumber   = "ADP-15-29-T931, DESY-15-156, Edinburgh-2015-21, LTH-105",
      SLACcitation   = "%%CITATION = ARXIV:1508.06856;%%"
}

%% Neutrino experiments
% Review of early M_A measurements (2009)
@article{Lyubushkin:2008pe,
      author         = "Lyubushkin, V and others",
      title          = "{A Study of quasi-elastic muon neutrino and antineutrino
                        scattering in the NOMAD experiment}",
      collaboration  = "NOMAD",
      journal        = "Eur. Phys. J.",
      volume         = "C63",
      year           = "2009",
      pages          = "355-381",
      doi            = "10.1140/epjc/s10052-009-1113-0",
      eprint         = "0812.4543",
      archivePrefix  = "arXiv",
      primaryClass   = "hep-ex",
      SLACcitation   = "%%CITATION = ARXIV:0812.4543;%%"
}
% Updated review 2013
@article{Formaggio:2013kya,
      author         = "Formaggio, J. A. and Zeller, G. P.",
      title          = "{From eV to EeV: Neutrino Cross Sections Across Energy
                        Scales}",
      journal        = "Rev. Mod. Phys.",
      volume         = "84",
      year           = "2012",
      pages          = "1307-1341",
      doi            = "10.1103/RevModPhys.84.1307",
      eprint         = "1305.7513",
      archivePrefix  = "arXiv",
      primaryClass   = "hep-ex",
      reportNumber   = "FERMILAB-PUB-12-785-E",
      SLACcitation   = "%%CITATION = ARXIV:1305.7513;%%"
}

% E734 NCE measurement
@article{Ahrens:1986xe,
      author         = "Ahrens, L. A. and others",
      title          = "{Measurement of Neutrino - Proton and anti-neutrino -
                        Proton Elastic Scattering}",
      journal        = "Phys. Rev.",
      volume         = "D35",
      year           = "1987",
      pages          = "785",
      doi            = "10.1103/PhysRevD.35.785",
      reportNumber   = "Print-86-0919 (PENN), BNL-E-734-86-1",
      SLACcitation   = "%%CITATION = PHRVA,D35,785;%%"
}
% E734 Garvey reanalysis
@article{Garvey:1992cg,
      author         = "Garvey, G. T. and Louis, W. C. and White, D. H.",
      title          = "{Determination of proton strange form-factors from
                        neutrino p elastic scattering}",
      journal        = "Phys. Rev.",
      volume         = "C48",
      year           = "1993",
      pages          = "761-765",
      doi            = "10.1103/PhysRevC.48.761",
      reportNumber   = "LA-UR-93-0037",
      SLACcitation   = "%%CITATION = PHRVA,C48,761;%%"
}
% E734 Alberico reanalysis
@article{Alberico:1998qw,
      author         = "Alberico, W. M. and Barbaro, M. B. and Bilenky, Samoil M.
                        and Caballero, J. A. and Giunti, C. and Maieron, C. and
                        Moya de Guerra, E. and Udias, J. M.",
      title          = "{Strange form-factors of the proton: A New analysis of
                        the neutrino (anti-neutrino) data of the BNL-734
                        experiment}",
      journal        = "Nucl. Phys.",
      volume         = "A651",
      year           = "1999",
      pages          = "277-286",
      doi            = "10.1016/S0375-9474(99)00142-6",
      eprint         = "hep-ph/9812388",
      archivePrefix  = "arXiv",
      primaryClass   = "hep-ph",
      reportNumber   = "SFB-375-309, TUM-HEP-338-98, DFTT-71-98",
      SLACcitation   = "%%CITATION = HEP-PH/9812388;%%"
}
% Global form factor analysis
@article{Pate:2008va,
      author         = "Pate, Stephen F. and McKee, David W. and Papavassiliou,
                        Vassili",
      title          = "{Strange Quark Contribution to the Vector and Axial Form
                        Factors of the Nucleon: Combined Analysis of G0, HAPPEx,
                        and Brookhaven E734 Data}",
      journal        = "Phys. Rev.",
      volume         = "C78",
      year           = "2008",
      pages          = "015207",
      doi            = "10.1103/PhysRevC.78.015207",
      eprint         = "0805.2889",
      archivePrefix  = "arXiv",
      primaryClass   = "hep-ex",
      SLACcitation   = "%%CITATION = ARXIV:0805.2889;%%"
}
% HAPPEx pol-e+p asymmetry
@article{Aniol:2004hp,
      author         = "Aniol, K. A. and others",
      title          = "{Parity violating electroweak asymmetry in polarized-e p
                        scattering}",
      collaboration  = "HAPPEX",
      journal        = "Phys. Rev.",
      volume         = "C69",
      year           = "2004",
      pages          = "065501",
      doi            = "10.1103/PhysRevC.69.065501",
      eprint         = "nucl-ex/0402004",
      archivePrefix  = "arXiv",
      primaryClass   = "nucl-ex",
      reportNumber   = "JLAB-PHY-04-4",
      SLACcitation   = "%%CITATION = NUCL-EX/0402004;%%"
}
% G0
@article{Armstrong:2005hs,
      author         = "Armstrong, D. S. and others",
      title          = "{Strange quark contributions to parity-violating
                        asymmetries in the forward G0 electron-proton scattering
                        experiment}",
      collaboration  = "G0",
      journal        = "Phys. Rev. Lett.",
      volume         = "95",
      year           = "2005",
      pages          = "092001",
      doi            = "10.1103/PhysRevLett.95.092001",
      eprint         = "nucl-ex/0506021",
      archivePrefix  = "arXiv",
      primaryClass   = "nucl-ex",
      reportNumber   = "JLAB-PHY-05-315",
      SLACcitation   = "%%CITATION = NUCL-EX/0506021;%%"
}
% MiniBooNE NCE measurement
@article{Aguilar-Arevalo:2010cx,
      author         = "Aguilar-Arevalo, A. A. and others",
      title          = "{Measurement of the Neutrino Neutral-Current Elastic
                        Differential Cross Section on Mineral Oil at $E_\nu \sim
                        1$ GeV}",
      collaboration  = "MiniBooNE",
      journal        = "Phys. Rev.",
      volume         = "D82",
      year           = "2010",
      pages          = "092005",
      doi            = "10.1103/PhysRevD.82.092005",
      eprint         = "1007.4730",
      archivePrefix  = "arXiv",
      primaryClass   = "hep-ex",
      reportNumber   = "FERMILAB-PUB-10-250-E",
      SLACcitation   = "%%CITATION = ARXIV:1007.4730;%%"
}
% MiniBooNE schematic
@article{Cheng:2012yy,
      author         = "Cheng, G. and others",
      title          = "{Dual baseline search for muon antineutrino disappearance
                        at $0.1 {\rm eV}^2 < {\Delta}m^2 < 100 {\rm eV}^2$}",
      collaboration  = "SciBooNE, MiniBooNE",
      journal        = "Phys. Rev.",
      volume         = "D86",
      year           = "2012",
      pages          = "052009",
      doi            = "10.1103/PhysRevD.86.052009",
      eprint         = "1208.0322",
      archivePrefix  = "arXiv",
      primaryClass   = "hep-ex",
      reportNumber   = "FERMILAB-PUB-12-477-PPD",
      SLACcitation   = "%%CITATION = ARXIV:1208.0322;%%"
}
% Golan MiniBooNE reanalysis
@article{Golan:2013jtj,
      author         = "Golan, Tomasz and Graczyk, Krzysztof M. and Juszczak,
                        Cezary and Sobczyk, Jan T.",
      title          = "{Extraction of Axial Mass and Strangeness Values from the
                        MiniBooNE Neutral Current Elastic Cross Section
                        Measurement}",
      journal        = "Phys. Rev.",
      volume         = "C88",
      year           = "2013",
      pages          = "024612",
      doi            = "10.1103/PhysRevC.88.024612",
      eprint         = "1302.3890",
      archivePrefix  = "arXiv",
      primaryClass   = "hep-ph",
      SLACcitation   = "%%CITATION = ARXIV:1302.3890;%%"
}
% NuWro event generator
@article{Golan:2012wx,
      author         = "Golan, Tomasz and Juszczak, Cezary and Sobczyk, Jan T.",
      title          = "{Final State Interactions Effects in Neutrino-Nucleus
                        Interactions}",
      journal        = "Phys. Rev.",
      volume         = "C86",
      year           = "2012",
      pages          = "015505",
      doi            = "10.1103/PhysRevC.86.015505",
      eprint         = "1202.4197",
      archivePrefix  = "arXiv",
      primaryClass   = "nucl-th",
      reportNumber   = "FERMILAB-PUB-12-280-E",
      SLACcitation   = "%%CITATION = ARXIV:1202.4197;%%"
}
% NUANCE event generator
@article{Casper:2002sd,
      author         = "Casper, D.",
      title          = "{The Nuance neutrino physics simulation, and the future}",
      booktitle      = "{Proceedings, 1st International Workshop on
                        Neutrino-nucleus interactions in the few GeV region (NuInt
                        01): Tsukuba, Japan, December 13-16, 2001}",
      journal        = "Nucl. Phys. Proc. Suppl.",
      volume         = "112",
      year           = "2002",
      pages          = "161-170",
      doi            = "10.1016/S0920-5632(02)01756-5",
      note           = "[,161(2002)]",
      eprint         = "hep-ph/0208030",
      archivePrefix  = "arXiv",
      primaryClass   = "hep-ph",
      SLACcitation   = "%%CITATION = HEP-PH/0208030;%%"
}
@article{Sufian:2018qtw,
      author         = "Sufian, Raza Sabbir and Liu, Keh-Fei and Richards, David
                        G.",
      title          = "{Weak Neutral Current Axial Form Factor and
                        (Anti)Neutrino-Nucleon Scattering}",
      year           = "2018",
      eprint         = "1809.03509",
      archivePrefix  = "arXiv",
      primaryClass   = "hep-ph",
      reportNumber   = "JLAB-THY-18-2792",
      SLACcitation   = "%%CITATION = ARXIV:1809.03509;%%"
}

%% math section
% Aitchison and Hey
@book{Aitchison:2004cs,
      author         = "Aitchison, I. J. R. and Hey, A. J. G.",
      title          = "{Gauge theories in particle physics: A practical
                        introduction. Vol. 2: Non-Abelian gauge theories: QCD and
                        the electroweak theory}",
      publisher      = "CRC Press",
      address        = "Bristol, UK",
      year           = "2012",
      url            = "http://www-spires.fnal.gov/spires/find/books/www?cl=QC793.3.F5A34::2012:V2",
      ISBN           = "9781466513075",
      SLACcitation   = "%%CITATION = INSPIRE-668433;%%"
}
% Paschos
@book{Paschos:2007pi,
      author         = "Paschos, E. A.",
      title          = "{Electroweak theory}",
      publisher      = "Cambridge University Press",
      year           = "2010",
      ISBN           = "9780521143561, 9780521860987, 9780511271564",
      SLACcitation   = "%%CITATION = INSPIRE-752463;%%"
}
% Alberico
@article{Alberico:2001sd,
      author         = "Alberico, W. M. and Bilenky, Samoil M. and Maieron, C.",
      title          = "{Strangeness in the nucleon: Neutrino - nucleon and
                        polarized electron - nucleon scattering}",
      journal        = "Phys. Rept.",
      volume         = "358",
      year           = "2002",
      pages          = "227-308",
      doi            = "10.1016/S0370-1573(01)00058-8",
      eprint         = "hep-ph/0102269",
      archivePrefix  = "arXiv",
      primaryClass   = "hep-ph",
      SLACcitation   = "%%CITATION = HEP-PH/0102269;%%"
}
% The Ward identity
@article{Ward:1950xp,
      author         = "Ward, John Clive",
      title          = "{An Identity in Quantum Electrodynamics}",
      journal        = "Phys. Rev.",
      volume         = "78",
      year           = "1950",
      pages          = "182",
      doi            = "10.1103/PhysRev.78.182",
      SLACcitation   = "%%CITATION = PHRVA,78,182;%%"
}
% Gordon identity
@article{Gordon:1928,
      author         = "Gordon, Walter",
      title          = "{Der strom der Diracschen elektronentheorie}",
      journal        = "Zeitschrift für and Nuclei",
      volume         = "50",
      year           = "1928",
      pages          = "631-632"
}
% CVC Hypothesis 1
@article{Gerstein:1956,
      author         = "Gerstein, S.S. and Zeldovich, Y.B.",
      title          = "{Meson Corrections in the Theory of Beta Decay}",
      journal        = "JETP",
      volume         = "2",
      year           = "1950",
      pages          = "576"
}
% CVC Hypothesis 2
@article{Feynman:1958ty,
      author         = "Feynman, R. P. and Gell-Mann, Murray",
      title          = "{Theory of Fermi interaction}",
      journal        = "Phys. Rev.",
      volume         = "109",
      year           = "1958",
      pages          = "193-198",
      doi            = "10.1103/PhysRev.109.193",
      note           = "[,417(1958)]",
      SLACcitation   = "%%CITATION = PHRVA,109,193;%%"
}
% Llewellyn-Smith
@article{LlewellynSmith:1971uhs,
      author         = "Llewellyn Smith, C. H.",
      title          = "{Neutrino Reactions at Accelerator Energies}",
      booktitle      = "{Gauge Theories and Neutrino Physics, Jacob, 1978:0175}",
      journal        = "Phys. Rept.",
      volume         = "3",
      year           = "1972",
      pages          = "261-379",
      doi            = "10.1016/0370-1573(72)90010-5",
      reportNumber   = "SLAC-PUB-0958",
      SLACcitation   = "%%CITATION = PRPLC,3,261;%%"
}

% electromagnetic form factor z expansions
@article{Ye:2017gyb,
      author         = "Ye, Zhihong and Arrington, John and Hill, Richard J. and
                        Lee, Gabriel",
      title          = "{Proton and Neutron Electromagnetic Form Factors and
                        Uncertainties}",
      journal        = "Phys. Lett.",
      volume         = "B777",
      year           = "2018",
      pages          = "8-15",
      doi            = "10.1016/j.physletb.2017.11.023",
      eprint         = "1707.09063",
      archivePrefix  = "arXiv",
      primaryClass   = "nucl-ex",
      reportNumber   = "FERMILAB-PUB-17-281-T",
      SLACcitation   = "%%CITATION = ARXIV:1707.09063;%%"
}
@article{Lee:2015jqa,
      author         = "Lee, Gabriel and Arrington, John R. and Hill, Richard J.",
      title          = "{Extraction of the proton radius from electron-proton
                        scattering data}",
      journal        = "Phys. Rev.",
      volume         = "D92",
      year           = "2015",
      number         = "1",
      pages          = "013013",
      doi            = "10.1103/PhysRevD.92.013013",
      eprint         = "1505.01489",
      archivePrefix  = "arXiv",
      primaryClass   = "hep-ph",
      reportNumber   = "EFI-PREPRINT-14-35",
      SLACcitation   = "%%CITATION = ARXIV:1505.01489;%%"
}
@article{Hill:2010yb,
      author         = "Hill, Richard J. and Paz, Gil",
      title          = "{Model independent extraction of the proton charge radius
                        from electron scattering}",
      journal        = "Phys. Rev.",
      volume         = "D82",
      year           = "2010",
      pages          = "113005",
      doi            = "10.1103/PhysRevD.82.113005",
      eprint         = "1008.4619",
      archivePrefix  = "arXiv",
      primaryClass   = "hep-ph",
      reportNumber   = "EFI-PREPRINT-10-21",
      SLACcitation   = "%%CITATION = ARXIV:1008.4619;%%"
}
@article{Epstein:2014zua,
      author         = "Epstein, Zachary and Paz, Gil and Roy, Joydeep",
      title          = "{Model independent extraction of the proton magnetic
                        radius from electron scattering}",
      journal        = "Phys. Rev.",
      volume         = "D90",
      year           = "2014",
      number         = "7",
      pages          = "074027",
      doi            = "10.1103/PhysRevD.90.074027",
      eprint         = "1407.5683",
      archivePrefix  = "arXiv",
      primaryClass   = "hep-ph",
      reportNumber   = "WSU-HEP-1401",
      SLACcitation   = "%%CITATION = ARXIV:1407.5683;%%"
}
% charged current axial form factor z expansion
@article{Meyer:2016oeg,
      author         = "Meyer, Aaron S. and Betancourt, Minerba and Gran, Richard
                        and Hill, Richard J.",
      title          = "{Deuterium target data for precision neutrino-nucleus
                        cross sections}",
      journal        = "Phys. Rev.",
      volume         = "D93",
      year           = "2016",
      number         = "11",
      pages          = "113015",
      doi            = "10.1103/PhysRevD.93.113015",
      eprint         = "1603.03048",
      archivePrefix  = "arXiv",
      primaryClass   = "hep-ph",
      reportNumber   = "FERMILAB-PUB-16-185-ND-T",
      SLACcitation   = "%%CITATION = ARXIV:1603.03048;%%"
}
@article{Bhattacharya:2011ah,
      author         = "Bhattacharya, Bhubanjyoti and Hill, Richard J. and Paz,
                        Gil",
      title          = "{Model independent determination of the axial mass
                        parameter in quasielastic neutrino-nucleon scattering}",
      journal        = "Phys. Rev.",
      volume         = "D84",
      year           = "2011",
      pages          = "073006",
      doi            = "10.1103/PhysRevD.84.073006",
      eprint         = "1108.0423",
      archivePrefix  = "arXiv",
      primaryClass   = "hep-ph",
      reportNumber   = "EFI-11-23",
      SLACcitation   = "%%CITATION = ARXIV:1108.0423;%%"
}
@article{Bhattacharya:2015mpa,
      author         = "Bhattacharya, Bhubanjyoti and Paz, Gil and Tropiano,
                        Anthony J.",
      title          = "{Model-independent determination of the axial mass
                        parameter in quasielastic antineutrino-nucleon
                        scattering}",
      journal        = "Phys. Rev.",
      volume         = "D92",
      year           = "2015",
      number         = "11",
      pages          = "113011",
      doi            = "10.1103/PhysRevD.92.113011",
      eprint         = "1510.05652",
      archivePrefix  = "arXiv",
      primaryClass   = "hep-ph",
      reportNumber   = "UDEM-GPP-TH-15-245, WSU-HEP-1506",
      SLACcitation   = "%%CITATION = ARXIV:1510.05652;%%"
}
% bubble chamber measurements
% ANL
@article{Mann:1973pr,
      author         = "Mann, W. A. and others",
      title          = "{Study of the reaction nu n ---> mu- p}",
      journal        = "Phys. Rev. Lett.",
      volume         = "31",
      year           = "1973",
      pages          = "844-847",
      doi            = "10.1103/PhysRevLett.31.844",
      SLACcitation   = "%%CITATION = PRLTA,31,844;%%"
}
@article{Barish:1977qk,
      author         = "Barish, S. J. and others",
      title          = "{Study of Neutrino Interactions in Hydrogen and
                        Deuterium. 1. Description of the Experiment and Study of
                        the Reaction Neutrino d --> mu- p p(s)}",
      journal        = "Phys. Rev.",
      volume         = "D16",
      year           = "1977",
      pages          = "3103",
      doi            = "10.1103/PhysRevD.16.3103",
      reportNumber   = "ANL-HEP-PR-76-69",
      SLACcitation   = "%%CITATION = PHRVA,D16,3103;%%"
}
@article{Miller:1982qi,
      author         = "Miller, K. L. and others",
      title          = "{STUDY OF THE REACTION muon-neutrino D ---> MU- P P(S)}",
      journal        = "Phys. Rev.",
      volume         = "D26",
      year           = "1982",
      pages          = "537-542",
      doi            = "10.1103/PhysRevD.26.537",
      SLACcitation   = "%%CITATION = PHRVA,D26,537;%%"
}
% BNL 
@article{Baker:1981su,
      author         = "Baker, N. J. and Cnops, A. M. and Connolly, P. L. and
                        Kahn, S. A. and Kirk, H. G. and Murtagh, M. J. and Palmer,
                        R. B. and Samios, N. P. and Tanaka, M.",
      title          = "{Quasielastic Neutrino Scattering: A Measurement of the
                        Weak Nucleon Axial Vector Form-Factor}",
      journal        = "Phys. Rev.",
      volume         = "D23",
      year           = "1981",
      pages          = "2499-2505",
      doi            = "10.1103/PhysRevD.23.2499",
      reportNumber   = "BNL-29038",
      SLACcitation   = "%%CITATION = PHRVA,D23,2499;%%"
}
% FNAL
@article{Kitagaki:1983px,
      author         = "Kitagaki, T. and others",
      title          = "{High-Energy Quasielastic Muon-neutrino n ---> mu- p
                        Scattering in Deuterium}",
      journal        = "Phys. Rev.",
      volume         = "D28",
      year           = "1983",
      pages          = "436-442",
      doi            = "10.1103/PhysRevD.28.436",
      SLACcitation   = "%%CITATION = PHRVA,D28,436;%%"
}

% electromagnetic form factor theory
@article{Perdrisat:2006hj,
      author         = "Perdrisat, C. F. and Punjabi, V. and Vanderhaeghen, M.",
      title          = "{Nucleon Electromagnetic Form Factors}",
      journal        = "Prog. Part. Nucl. Phys.",
      volume         = "59",
      year           = "2007",
      pages          = "694-764",
      doi            = "10.1016/j.ppnp.2007.05.001",
      eprint         = "hep-ph/0612014",
      archivePrefix  = "arXiv",
      primaryClass   = "hep-ph",
      reportNumber   = "WM-06-115, JLAB-THY-06-595",
      SLACcitation   = "%%CITATION = HEP-PH/0612014;%%"
}
@article{Federbush:1958zz,
      author         = "Federbush, P. and Goldberger, M. L. and Treiman, S. B.",
      title          = "{Electromagnetic Structure of the Nucleon}",
      journal        = "Phys. Rev.",
      volume         = "112",
      year           = "1958",
      pages          = "642-665",
      doi            = "10.1103/PhysRev.112.642",
      SLACcitation   = "%%CITATION = PHRVA,112,642;%%"
}
% asymptotic scaling
@article{Lepage:1980fj,
      author         = "Lepage, G. Peter and rodsky, Stanley J.",
      title          = "{Exclusive Processes in Perturbative Quantum
                        Chromodynamics}",
      journal        = "Phys. Rev.",
      volume         = "D22",
      year           = "1980",
      pages          = "2157",
      doi            = "10.1103/PhysRevD.22.2157",
      reportNumber   = "SLAC-PUB-2478",
      SLACcitation   = "%%CITATION = PHRVA,D22,2157;%%"
}
% general z expansion
@article{Boyd:1997qw,
      author         = "Boyd, C. Glenn and Savage, Martin J.",
      title          = "{Analyticity, shapes of semileptonic form-factors, and
                        anti-B ---> pi lepton anti-neutrino}",
      journal        = "Phys. Rev.",
      volume         = "D56",
      year           = "1997",
      pages          = "303-311",
      doi            = "10.1103/PhysRevD.56.303",
      eprint         = "hep-ph/9702300",
      archivePrefix  = "arXiv",
      primaryClass   = "hep-ph",
      reportNumber   = "CMU-HEP-97-02, DOE-ER-40682-127, DOE-ER-41014-07-N97",
      SLACcitation   = "%%CITATION = HEP-PH/9702300;%%"
}

% MiniBooNE LEE
@article{Aguilar-Arevalo:2010wv,
      author         = "Aguilar-Arevalo, A. A. and others",
      title          = "{Event Excess in the MiniBooNE Search for $\bar \nu_\mu
                        \rightarrow \bar \nu_e$ Oscillations}",
      collaboration  = "MiniBooNE",
      journal        = "Phys. Rev. Lett.",
      volume         = "105",
      year           = "2010",
      pages          = "181801",
      doi            = "10.1103/PhysRevLett.105.181801",
      eprint         = "1007.1150",
      archivePrefix  = "arXiv",
      primaryClass   = "hep-ex",
      reportNumber   = "FERMILAB-PUB-10-225-E, LA-UR-10-04610",
      SLACcitation   = "%%CITATION = ARXIV:1007.1150;%%"
}
@article{Aguilar-Arevalo:2018gpe,
      author         = "Aguilar-Arevalo, A. A. and others",
      title          = "{Observation of a Significant Excess of Electron-Like
                        Events in the MiniBooNE Short-Baseline Neutrino
                        Experiment}",
      collaboration  = "MiniBooNE",
      year           = "2018",
      eprint         = "1805.12028",
      archivePrefix  = "arXiv",
      primaryClass   = "hep-ex",
      reportNumber   = "FERMILAB-PUB-18-219, LA-UR-18-24586",
      SLACcitation   = "%%CITATION = ARXIV:1805.12028;%%"
}
% Charged-particle multiplicity
@article{Adams:2018fud,
      author         = "Adams, C. and others",
      title          = "{Comparison of $\nu_\mu$-Ar multiplicity distributions
                        observed by MicroBooNE to GENIE model predictions}",
      collaboration  = "MicroBooNE",
      journal        = "Submitted to: Phys. Rev. D",
      year           = "2018",
      eprint         = "1805.06887",
      archivePrefix  = "arXiv",
      primaryClass   = "hep-ex",
      reportNumber   = "FERMILAB-PUB-18-077-ND",
      SLACcitation   = "%%CITATION = ARXIV:1805.06887;%%"
}
% DUNE
@article{Diwan:2016gmz,
      author         = "Diwan, M. V. and Galymov, V. and Qian, X. and Rubbia, A.",
      title          = "{Long-Baseline Neutrino Experiments}",
      journal        = "Ann. Rev. Nucl. Part. Sci.",
      volume         = "66",
      year           = "2016",
      pages          = "47-71",
      doi            = "10.1146/annurev-nucl-102014-021939",
      eprint         = "1608.06237",
      archivePrefix  = "arXiv",
      primaryClass   = "hep-ex",
      SLACcitation   = "%%CITATION = ARXIV:1608.06237;%%"
}

% MicroBooNE detector paper
@article{Acciarri:2016smi,
      author         = "Acciarri, R. and others",
      title          = "{Design and Construction of the MicroBooNE Detector}",
      collaboration  = "MicroBooNE",
      journal        = "JINST",
      volume         = "12",
      year           = "2017",
      number         = "02",
      pages          = "P02017",
      doi            = "10.1088/1748-0221/12/02/P02017",
      eprint         = "1612.05824",
      archivePrefix  = "arXiv",
      primaryClass   = "physics.ins-det",
      reportNumber   = "FERMILAB-PUB-16-613-ND",
      SLACcitation   = "%%CITATION = ARXIV:1612.05824;%%"
}
% MiniBooNE Flux paper
@article{Aguilar-Arevalo:2008yp,
      author         = "Aguilar-Arevalo, A. A. and others",
      title          = "{The Neutrino Flux prediction at MiniBooNE}",
      collaboration  = "MiniBooNE",
      journal        = "Phys. Rev.",
      volume         = "D79",
      year           = "2009",
      pages          = "072002",
      doi            = "10.1103/PhysRevD.79.072002",
      eprint         = "0806.1449",
      archivePrefix  = "arXiv",
      primaryClass   = "hep-ex",
      reportNumber   = "FERMILAB-PUB-08-161-AD-E",
      SLACcitation   = "%%CITATION = ARXIV:0806.1449;%%"
}
% HARP data
@article{Catanesi:2007ab,
      author         = "Catanesi, M. G. and others",
      title          = "{Measurement of the production cross-section of positive
                        pions in the collision of 8.9-GeV/c protons on beryllium}",
      collaboration  = "HARP",
      journal        = "Eur. Phys. J.",
      volume         = "C52",
      year           = "2007",
      pages          = "29-53",
      doi            = "10.1140/epjc/s10052-007-0382-8",
      eprint         = "hep-ex/0702024",
      archivePrefix  = "arXiv",
      primaryClass   = "hep-ex",
      SLACcitation   = "%%CITATION = HEP-EX/0702024;%%"
}
% Genie reference
@article{Andreopoulos:2009rq,
      author         = "Andreopoulos, C. and others",
      title          = "{The GENIE Neutrino Monte Carlo Generator}",
      journal        = "Nucl. Instrum. Meth.",
      volume         = "A614",
      year           = "2010",
      pages          = "87-104",
      doi            = "10.1016/j.nima.2009.12.009",
      eprint         = "0905.2517",
      archivePrefix  = "arXiv",
      primaryClass   = "hep-ph",
      reportNumber   = "FERMILAB-PUB-09-418-CD",
      SLACcitation   = "%%CITATION = ARXIV:0905.2517;%%"
}
% Genie + apps/flux/geom/reweighting/errorprop
@article{Andreopoulos:2015wxa,
      author         = "Andreopoulos, Costas and Barry, Christopher and Dytman,
                        Steve and Gallagher, Hugh and Golan, Tomasz and Hatcher,
                        Robert and Perdue, Gabriel and Yarba, Julia",
      title          = "{The GENIE Neutrino Monte Carlo Generator: Physics and
                        User Manual}",
      year           = "2015",
      eprint         = "1510.05494",
      archivePrefix  = "arXiv",
      primaryClass   = "hep-ph",
      reportNumber   = "FERMILAB-FN-1004-CD",
      SLACcitation   = "%%CITATION = ARXIV:1510.05494;%%"
}
# Genie v2.10
@article{Alam:2015nkk,
      author         = "Alam, M. and others",
      title          = "{GENIE Production Release 2.10.0}",
      year           = "2015",
      eprint         = "1512.06882",
      archivePrefix  = "arXiv",
      primaryClass   = "hep-ph",
      reportNumber   = "FERMILAB-FN-1006-CD",
      SLACcitation   = "%%CITATION = ARXIV:1512.06882;%%"
}
% Geant4 users' guide
@article{Agostinelli:2002hh,
      author         = "Agostinelli, S. and others",
      title          = "{GEANT4: A Simulation toolkit}",
      collaboration  = "GEANT4",
      journal        = "Nucl. Instrum. Meth.",
      volume         = "A506",
      year           = "2003",
      pages          = "250-303",
      doi            = "10.1016/S0168-9002(03)01368-8",
      reportNumber   = "SLAC-PUB-9350, FERMILAB-PUB-03-339",
      SLACcitation   = "%%CITATION = NUIMA,A506,250;%%"
}
% Corsika
@article{Heck:1998vt,
      author         = "Heck, D. and Knapp, J. and Capdevielle, J. N. and Schatz,
                        G. and Thouw, T.",
      title          = "{CORSIKA: A Monte Carlo code to simulate extensive air
                        showers}",
      year           = "1998",
      reportNumber   = "FZKA-6019",
      SLACcitation   = "%%CITATION = FZKA-6019;%%"
}
% Neutrino nuclear reactions
@article{Smith:1972xh,
      author         = "Smith, R. A. and Moniz, E. J.",
      title          = "{NEUTRINO REACTIONS ON NUCLEAR TARGETS}",
      journal        = "Nucl. Phys.",
      volume         = "B43",
      year           = "1972",
      pages          = "605",
      doi            = "10.1016/0550-3213(75)90612-4,
                        10.1016/0550-3213(72)90040-5",
      note           = "[Erratum: Nucl. Phys.B101,547(1975)]",
      SLACcitation   = "%%CITATION = NUPHA,B43,605;%%"
}
% Fermi motion effects
@article{Bodek:1981wr,
      author         = "Bodek, A. and Ritchie, J. L.",
      title          = "{Further Studies of Fermi Motion Effects in Lepton
                        Scattering from Nuclear Targets}",
      journal        = "Phys. Rev.",
      volume         = "D24",
      year           = "1981",
      pages          = "1400",
      doi            = "10.1103/PhysRevD.24.1400",
      reportNumber   = "FERMILAB-PUB-81-100-E, UR-772, COO-3065-292",
      SLACcitation   = "%%CITATION = PHRVA,D24,1400;%%"
}
% Nuclear charge density
@article{DeJager:1987qc,
      author         = "De Vries, H. and De Jager, C. W. and De Vries, C.",
      title          = "{Nuclear charge and magnetization density distribution
                        parameters from elastic electron scattering}",
      journal        = "Atom. Data Nucl. Data Tabl.",
      volume         = "36",
      year           = "1987",
      pages          = "495-536",
      doi            = "10.1016/0092-640X(87)90013-1",
      SLACcitation   = "%%CITATION = ADNDA,36,495;%%"
}
% Woods-Saxon density function
@article{Woods:1954zz,
      author         = "Woods, Roger D. and Saxon, David S.",
      title          = "{Diffuse Surface Optical Model for Nucleon-Nuclei
                        Scattering}",
      journal        = "Phys. Rev.",
      volume         = "95",
      year           = "1954",
      pages          = "577-578",
      doi            = "10.1103/PhysRev.95.577",
      SLACcitation   = "%%CITATION = PHRVA,95,577;%%"
}
% AGKY model
@article{Yang:2009zx,
      author         = "Yang, T. and Andreopoulos, C. and Gallagher, H. and
                        Hoffmann, K. and Kehayias, P.",
      title          = "{A Hadronization Model for Few-GeV Neutrino
                        Interactions}",
      journal        = "Eur. Phys. J.",
      volume         = "C63",
      year           = "2009",
      pages          = "1-10",
      doi            = "10.1140/epjc/s10052-009-1094-z",
      eprint         = "0904.4043",
      archivePrefix  = "arXiv",
      primaryClass   = "hep-ph",
      SLACcitation   = "%%CITATION = ARXIV:0904.4043;%%"
}
% MINOS numu disappearance
@article{Adamson:2007gu,
      author         = "Adamson, P. and others",
      title          = "{A Study of Muon Neutrino Disappearance Using the
                        Fermilab Main Injector Neutrino Beam}",
      collaboration  = "MINOS",
      journal        = "Phys. Rev.",
      volume         = "D77",
      year           = "2008",
      pages          = "072002",
      doi            = "10.1103/PhysRevD.77.072002",
      eprint         = "0711.0769",
      archivePrefix  = "arXiv",
      primaryClass   = "hep-ex",
      reportNumber   = "FERMILAB-PUB-07-577-E",
      SLACcitation   = "%%CITATION = ARXIV:0711.0769;%%"
}

% Pandora paper
@article{Acciarri:2017hat,
      author         = "Acciarri, R. and others",
      title          = "{The Pandora multi-algorithm approach to automated
                        pattern recognition of cosmic-ray muon and neutrino events
                        in the MicroBooNE detector}",
      collaboration  = "MicroBooNE",
      journal        = "Eur. Phys. J.",
      volume         = "C78",
      year           = "2018",
      number         = "1",
      pages          = "82",
      doi            = "10.1140/epjc/s10052-017-5481-6",
      eprint         = "1708.03135",
      archivePrefix  = "arXiv",
      primaryClass   = "hep-ex",
      reportNumber   = "FERMILAB-PUB-17-306-ND",
      SLACcitation   = "%%CITATION = ARXIV:1708.03135;%%"
}
% Icarus PMA paper
@article{Antonello:2012hu,
      author         = "Antonello, M. and others",
      title          = "{Precise 3D track reconstruction algorithm for the ICARUS
                        T600 liquid argon time projection chamber detector}",
      journal        = "Adv. High Energy Phys.",
      volume         = "2013",
      year           = "2013",
      pages          = "260820",
      doi            = "10.1155/2013/260820",
      eprint         = "1210.5089",
      archivePrefix  = "arXiv",
      primaryClass   = "physics.ins-det",
      SLACcitation   = "%%CITATION = ARXIV:1210.5089;%%"
}

% MicroBooNE public notes
@article{uBPurityNote,
      author         = "The MicroBooNE Collaboration",
      title          = "{Measurement of the Electronegative Contaminants and
                        Drift Electron Lifetime in the MicroBooNE Experiment}",
      journal        = "MicroBooNE Public Note",
      volume         = "MICROBOONE-NOTE-1003-PUB",
      year           = "2016"
}
@article{uBCosmicNote,
      author         = "The MicroBooNE Collaboration",
      title          = "{Cosmic Shielding Studies at MicroBooNE}",
      journal        = "MicroBooNE Public Note",
      volume         = "MICROBOONE-NOTE-1005-PUB",
      year           = "2016"
}
@article{uBCalibrationNote,
      author         = "The MicroBooNE Collaboration",
      title          = "{Detector calibration using through going and
												stopping muons in the MicroBooNE LArTPC}",
      journal        = "MicroBooNE Public Note",
      volume         = "MICROBOONE-NOTE-1048-PUB",
      year           = "2016"
}
@article{uBFluxNote,
      author         = "The MicroBooNE Collaboration",
      title          = "{Booster Neutrino Flux Prediction at MicroBooNE}",
      journal        = "MicroBooNE Public Note",
      volume         = "MICROBOONE-NOTE-1031-PUB",
      year           = "2018"
}
@article{uBSCENote,
      author         = "The MicroBooNE Collaboration",
      title          = "{Study of Space Charge Effects in MicroBooNE}",
      journal        = "MicroBooNE Public Note",
      volume         = "MICROBOONE-NOTE-1018-PUB",
      year           = "2016"
}

% XGBoost
@article{Chen:2016btl,
      author         = "Chen, Tianqi and Guestrin, Carlos",
      title          = "{XGBoost: A Scalable Tree Boosting System}",
      doi            = "10.1145/2939672.2939785",
      year           = "2016",
      eprint         = "1603.02754",
      archivePrefix  = "arXiv",
      primaryClass   = "cs.LG",
      SLACcitation   = "%%CITATION = ARXIV:1603.02754;%%"
}

% Logistic Regression textbook
@book{Hosmer2005,
      author         = "Hosmer, David W. and Lemeshow, Stanley and Sturdivant, Rodney X.",
      title          = "{Applied Logistic Regression}",
      publisher      = "Wiley",
      year           = 2013,
      volume         = 3,
      ISBN           = "978-0-471-72214-4"
}
% LR python statsmodels
@article{pystats,
      author         = "Seabold, Skipper and Perktold, Josef",
      title          = "{Statsmodels: Econometric and statistical modeling with python}",
      year           = "2010",
      journal        = "{9th Python in Science Conference}"
}
% cosmic flux measurement BESS
@article{Bhadra:2009fw,
      author         = "Bhadra, Arunava and Ghosh, Sanjay K. and Joarder, Partha
                        S. and Mukherjee, Arindam and Raha, Sibaji",
      title          = "{Study of low energy hadronic interaction models based on
                        BESS observed cosmic ray proton and antiproton spectra at
                        medium high altitude}",
      journal        = "Phys. Rev.",
      volume         = "D79",
      year           = "2009",
      pages          = "114027",
      doi            = "10.1103/PhysRevD.79.114027",
      eprint         = "0901.0905",
      archivePrefix  = "arXiv",
      primaryClass   = "astro-ph.HE",
      SLACcitation   = "%%CITATION = ARXIV:0901.0905;%%"
}
@Misc{SciPy,
  author 						 = "Jones, Eric and Oliphant, Travis and Peterson, Pearu and others",
  title 						 = "{SciPy: Open source scientific tools for Python}",
  year 							 = "2001",
  url 							 = "http://www.scipy.org/",
  note 							 = {[Online; accessed 2018-10-05]}
}
% Nieves MEC
@article{Nieves:2011pp,
      author         = "Nieves, J. and Ruiz Simo, I. and Vicente Vacas, M. J.",
      title          = "{Inclusive Charged--Current Neutrino--Nucleus Reactions}",
      journal        = "Phys. Rev.",
      volume         = "C83",
      year           = "2011",
      pages          = "045501",
      doi            = "10.1103/PhysRevC.83.045501",
      eprint         = "1102.2777",
      archivePrefix  = "arXiv",
      primaryClass   = "hep-ph",
      SLACcitation   = "%%CITATION = ARXIV:1102.2777;%%"
}
@article{Nieves:2011yp,
      author         = "Nieves, J. and Ruiz Simo, I. and Vicente Vacas, M. J.",
      title          = "{The nucleon axial mass and the MiniBooNE Quasielastic
                        Neutrino-Nucleus Scattering problem}",
      journal        = "Phys. Lett.",
      volume         = "B707",
      year           = "2012",
      pages          = "72-75",
      doi            = "10.1016/j.physletb.2011.11.061",
      eprint         = "1106.5374",
      archivePrefix  = "arXiv",
      primaryClass   = "hep-ph",
      SLACcitation   = "%%CITATION = ARXIV:1106.5374;%%"
}
% Local Fermi Gas
@article{Leitner:2008ue,
      author         = "Leitner, T. and Buss, O. and Alvarez-Ruso, L. and Mosel,
                        U.",
      title          = "{Electron- and neutrino-nucleus scattering from the
                        quasielastic to the resonance region}",
      journal        = "Phys. Rev.",
      volume         = "C79",
      year           = "2009",
      pages          = "034601",
      doi            = "10.1103/PhysRevC.79.034601",
      eprint         = "0812.0587",
      archivePrefix  = "arXiv",
      primaryClass   = "nucl-th",
      SLACcitation   = "%%CITATION = ARXIV:0812.0587;%%"
}
% Metropolis algorithm
@article{Metropolis:1953am,
      author         = "Metropolis, N. and Rosenbluth, A. W. and Rosenbluth, M.
                        N. and Teller, A. H. and Teller, E.",
      title          = "{Equation of state calculations by fast computing
                        machines}",
      journal        = "J. Chem. Phys.",
      volume         = "21",
      year           = "1953",
      pages          = "1087-1092",
      doi            = "10.1063/1.1699114",
      SLACcitation   = "%%CITATION = JCPSA,21,1087;%%"
}
% Gibbs sampling
@article{Geman:1987,
			author 				 = "Geman, Stuart and Geman, Donald",
			title          = "{Stochastic Relaxation, Gibbs Distributions, and the
												Bayesian Restoration of Images}",
			journal				 = "IEEE Transactions on Pattern Analysis and Machine Intelligence",
			volume				 = "PAMI-6",
			number         = "6",
			year					 = "1984",
			pages          = "721-741",
			doi            = "10.1109/TPAMI.1984.4767596",
			ISSN           = "0162-8828"
}
% Handbook of MCMC
@book{Brooks:2011,
			author         = "Brooks, Steve and Gelman, Andrew and Jones, Galin and Meng, Xiao-Li",
			title          = "{Handbook of Markov Chain Monte Carlo}",
			url            = "http://crcpress.com/isbn/9781420079418",
			journal        = "CRC Press, 2011. (ISBN 978-142-007-941-8). 619 p.",
			year           = "2011",
}

